@misc{react_intro,
  author = {React},
  title = {\enquote{Tutorial: Intro to React}},
  url = {https://reactjs.org/tutorial/tutorial.html}
}

@misc{javascript,
  author = {JavaScript},
  title = {\enquote{JavaScript}},
  url = {https://www.javascript.com/}
}

@misc{react,
  author = {React},
  title = {\enquote{React}},
  url = {https://reactjs.org/}
}

@misc{html,
  author = {HTML},
  title = {\enquote{HTML}},
  url = {https://html.spec.whatwg.org/s}
}

@misc{dom,
  author = {dom},
  title = {\enquote{DOM}},
  url = {https://dom.spec.whatwg.org/}
}

@misc{links_doc,
  author = {Links},
  title = {\enquote{Docs}},
  url = {https://links-lang.org/quick-help.html}
}

@misc{event_listener,
  author = {W3Schools},
  title = {\enquote{JavaScript HTML DOM EventListener}},
  url = {https://www.w3schools.com/js/js_htmldom_eventlistener.asp}
}

@misc{css,
  author = {W3C},
  title = {\enquote{CSS}},
  url = {https://www.w3.org/TR/CSS/}
}

@misc{vue,
  author = {Vue},
  title = {\enquote{Vue}},
  url = {https://vuejs.org/}
}

@misc{vue_concurrency,
  author = {Vue},
  title = {\enquote{vue-concurrency}},
  url = {https://vue-concurrency.netlify.app/}
}


@misc{jquery,
  author = {John Resig},
  title = {\enquote{jQurey}},
  url = {https://jquery.com/}
}

@misc{react_concurrent,
  author = {React},
  title = {\enquote{Introducing Concurrent Mode}},
  url = {https://17.reactjs.org/docs/concurrent-mode-intro.html}
}

@misc{dom,
  author = {MDN Web Docs},
  title = {\enquote{Introduction to the DOM}},
  url = {https://developer.mozilla.org/en-US/docs/Web/API/Document_Object_Model/Introduction}
}

@misc{links_wiki,
  author = {Links-lang},
  title = {\enquote{Links wiki}},
  url = {https://github.com/links-lang/links/wiki}
}

@misc{links_website,
  author = {Links-lang},
  title = {\enquote{Links}},
  url = {https://links-lang.org/}
}

@misc{links_ffi,
  author = {Links-lang},
  title = {\enquote{JavaScript FFI}},
  url = {https://github.com/links-lang/links/wiki/JavaScript-FFI}
}

@misc{hooks,
    author = {Dan Abramov},
    title = {\enquote{Making Sense of React Hooks}},
    year = {30 Oct 2018},
    url = {https://medium.com/@dan_abramov/making-sense-of-react-hooks-fdbde8803889}
}

@misc{react_hooks,
    author = {React},
    title = {\enquote{Introducing Hooks}},
    url = {https://reactjs.org/docs/hooks-intro.html}
}

@misc{hookseffect,
  author = {Reese Williams},
  title = {\enquote{Algebraic Effects for React Developers}},
  year = {01 Nov, 2018},
  url = {https://blog.reesew.io/algebraic-effects-for-react-developers}
}


@misc{virtualdom,
  author = {React},
  title = {\enquote{Virtual DOM and Internals}},
  url = {https://reactjs.org/docs/faq-internals.html}
}

@misc{fiber,
  author = {Karthik Kalyanaraman},
  title = {\enquote{A deep dive into React Fiber}},
  year = {14 Mar, 2022},
  url = {https://blog.logrocket.com/deep-dive-react-fiber/}
}

@misc{racinglines,
  author = {Daniel Hillerstr\"{o}m},
  title = {\enquote{racing\_lines.links}},
  url = {https://github.com/links-lang/links/blob/master/examples/handlers/racing-lines.links}
}


@misc{fiber_detail,
  author = {flexiple},
  title = {\enquote{Introduction to React Fiber}},
  url = {https://flexiple.com/react/react-fiber/}
}


@misc{fiberstack,
  author = {Andrew Clark},
  title = {\enquote{React Fiber Architecture}},
  year = {08 Oct, 2016},
  url = {https://github.com/acdlite/react-fiber-architecture#scheduling/}
}

@misc{scheduler,
  author = {React},
  title = {\enquote{Design Principles}},
  url = {https://reactjs.org/docs/design-principles.html#scheduling}
}

@article{plotkin_pretnar_2013, 
    author={Plotkin, Gordon and Pretnar, Matija}, 
    title={\enquote{Handling Algebraic Effects}}, 
    year={2013},
    journal={Logical Methods in Computer Science}, 
    volume={9}, 
    number={4}, 
    doi = {10.2168/lmcs-9(4:23)2013}, 
    url = {https://doi.org/10.48550/arXiv.1312.1399},
} 

@inproceedings{plotkin_effect,
author = {Plotkin, Gordon and Power, John},
year = {2001},
month = {Jan.},
pages = {},
title = {\enquote{Adequacy for Algebraic Effects}},
volume = {2030},
isbn = {978-3-540-41864-1},
doi = {10.1007/3-540-45315-6_1}
}

@article{plotkin_power_2003, 
    author={Plotkin, Gordon and Power, John}, 
    title={\enquote{Algebraic Operations and Generic Effects}}, 
    year={2003},
    journal={Applied Categorical Structures}, 
    volume={11}, 
    number={1},
    pages = {69--94},
    doi = {10.1023/A:1023064908962}, 
} 

@article{dir_async,
author = {Barroso, Luiz and Marty, Mike and Patterson, David and Ranganathan, Parthasarathy},
title = {\enquote{Attack of the Killer Microseconds}},
year = {2017},
issue_date = {April 2017},
publisher = {Association for Computing Machinery},
address = {New York, NY, USA},
volume = {60},
number = {4},
issn = {0001-0782},
url = {https://doi.org/10.1145/3015146},
doi = {10.1145/3015146},
abstract = {Microsecond-scale I/O means tension between performance and productivity that will need new latency-mitigating ideas, including in hardware.},
journal = {Commun. ACM},
month = {mar},
pages = {48–54},
numpages = {7}
}

@article{kammar_2013, 
    author={Kammar, Ohad and Lindley, Sam and Oury, Nicolas},
    title={\enquote{Handlers in Action}}, 
    year={2013},
    journal={International Conference on Functional Programming}, 
    pages = {145--158},
    doi = {10.1145/2500365.2500590}, 
} 

@inproceedings{rows,
author = {Hillerstr\"{o}m, Daniel and Lindley, Sam},
title = {\enquote{Liberating Effects with Rows and Handlers}},
year = {2016},
isbn = {9781450344357},
publisher = {Association for Computing Machinery},
address = {New York, NY, USA},
url = {https://doi.org/10.1145/2976022.2976033},
doi = {10.1145/2976022.2976033},
booktitle = {Proceedings of the 1st International Workshop on Type-Driven Development},
pages = {15–27},
numpages = {13},
location = {Nara, Japan},
series = {TyDe 2016}
}

@inbook{stephen_2018,
author = {Dolan, Stephen and Eliopoulos, Spiros and Hillerström, Daniel and Madhavapeddy, Anil and Sivaramakrishnan, K.C. and White, Leo},
year = {2018},
month = {Apr.},
pages = {98-117},
title = {\enquote{Concurrent System Programming with Effect Handlers}},
isbn = {978-3-319-89718-9},
doi = {10.1007/978-3-319-89719-6_6}
}

@misc{hewitt2015actor,
      title={\enquote{Actor Model of Computation: Scalable Robust Information Systems}}, 
      author={Carl Hewitt},
      year={2015},
      eprint={1008.1459},
      archivePrefix={arXiv},
      primaryClass={cs.PL}
}

@article{hillerstrm_et_al:LIPIcs:2017:7739,
  author =	{Daniel Hillerstr{\"o}m and Sam Lindley and Robert Atkey and K. C. Sivaramakrishnan},
  title =	{\enquote{Continuation Passing Style for Effect Handlers}},
  booktitle =	{2nd International Conference on Formal Structures for Computation and Deduction (FSCD 2017)},
  pages =	{18:1--18:19},
  series =	{Leibniz International Proceedings in Informatics (LIPIcs)},
  ISBN =	{978-3-95977-047-7},
  ISSN =	{1868-8969},
  year =	{2017},
  volume =	{84},
  editor =	{Dale Miller},
  publisher =	{Schloss Dagstuhl--Leibniz-Zentrum fuer Informatik},
  address =	{Dagstuhl, Germany},
  URL =		{http://drops.dagstuhl.de/opus/volltexte/2017/7739},
  URN =		{urn:nbn:de:0030-drops-77394},
  doi =		{10.4230/LIPIcs.FSCD.2017.18},
  annote =	{Keywords: effect handlers, delimited control, continuation passing style}
}

@article{forster_kammar_lindley_pretnar_2019,
author = {Forster, Yannick and Kammar, Ohad and Lindley, Sam and Pretnar, Matija},
year = {2016},
month = {10},
pages = {},
title = {\enquote{On the Expressive Power of User-Defined Effects: Effect Handlers, Monadic Reflection, Delimited Control}},
volume = {1},
journal = {Proceedings of the ACM on Programming Languages},
doi = {10.1145/3110257}
}

@article{links,
    author = { Ezra Cooper and Sam Lindley and Philip Wadler and Jeremy Yallop },
    title={ \enquote{Links: web programming without tiers} },
    journal={Formal
Methods for Components and Objects, 5th International Symposium, FMCO 2006, Amsterdam, The Netherlands, November 7-10, 2006, Revised Lectures.},   
    year={ 2006 },
    publisher={ Springer, Berlin, Heidelberg },
    ISBN =	{978-3-540-74791-8},
    pages={ 266-296 },
    doi={ 10.1007/978-3-540-74792-5_12 },  
}

@article{eff,
  author    = {Andrej Bauer and
               Matija Pretnar},
  title     = {\enquote{Programming with Algebraic Effects and Handlers}},
  journal   = {CoRR},
  volume    = {abs/1203.1539},
  year      = {2012},
  url       = {http://arxiv.org/abs/1203.1539},
  eprinttype = {arXiv},
  eprint    = {1203.1539},
  timestamp = {Mon, 13 Aug 2018 16:46:15 +0200},
  biburl    = {https://dblp.org/rec/journals/corr/abs-1203-1539.bib},
  bibsource = {dblp computer science bibliography, https://dblp.org}
}

@article{sam_effects,
author = {Lindley, Sam},
year = {2014},
month = {08},
pages = {},
title = {\enquote{Algebraic effects and effect handlers for idioms and arrows}},
isbn = {978-1-4503-3042-8},
journal = {WGP 2014 - Proceedings of the 2014 ACM SIGPLAN Workshop on Generic Programming},
doi = {10.1145/2633628.2633636}
}

@mastersthesis{daniel_effect_links ,
    author = {Daniel Hillerstr{\"o}m},
    title = {\enquote{Handlers for Algebraic Effects in Links}},
    publisher = {School of Informatics, University of Edinburgh},
    address = {Edinburgh, United Kingdom},
    year = {2015}
}
